<record><leader>00000cas a2200000 a 4500</leader><controlfield tag="001">28700318</controlfield><controlfield tag="008">930826c19589999caudr ne      0    0eng c</controlfield><datafield ind1=" " ind2=" " tag="010"><subfield code="a">sn 93053386 </subfield></datafield><datafield ind1=" " ind2=" " tag="040"><subfield code="a">CNK</subfield><subfield code="b">eng</subfield><subfield code="c">CNK</subfield><subfield code="d">OCLCQ</subfield><subfield code="d">CUS</subfield><subfield code="d">CNK</subfield><subfield code="d">OCLCQ</subfield><subfield code="d">OCLCF</subfield></datafield><datafield ind1="1" ind2=" " tag="029"><subfield code="a">AU@</subfield><subfield code="b">000025906902</subfield></datafield><datafield ind1=" " ind2=" " tag="042"><subfield code="a">pcc</subfield></datafield><datafield ind1=" " ind2=" " tag="043"><subfield code="a">n-us-ca</subfield></datafield><datafield ind1="1" ind2="4" tag="050"><subfield code="a">AN</subfield></datafield><datafield ind1="0" ind2=" " tag="130"><subfield code="a">Alameda times star (Alameda, Calif. : 1958)</subfield></datafield><datafield ind1="1" ind2="0" tag="245"><subfield code="a">Alameda times star.</subfield></datafield><datafield ind1="3" ind2="0" tag="246"><subfield code="a">Times Alameda star</subfield></datafield><datafield ind1="3" ind2="0" tag="246"><subfield code="a">Sunday review and Sunday Alameda times-star</subfield></datafield><datafield ind1="3" ind2="0" tag="246"><subfield code="a">Sunday review Alameda times-star edition</subfield></datafield><datafield ind1="3" ind2="0" tag="246"><subfield code="a">Alameda times-star edition of the Sunday review</subfield></datafield><datafield ind1=" " ind2=" " tag="260"><subfield code="a">Alameda, Calif. :</subfield><subfield code="b">Alameda Times-Star Pub. Co.</subfield></datafield><datafield ind1=" " ind2=" " tag="300"><subfield code="a">v.</subfield></datafield><datafield ind1=" " ind2=" " tag="310"><subfield code="a">Daily</subfield></datafield><datafield ind1="0" ind2=" " tag="362"><subfield code="a">Vol. 94, no. 154 (June 30, 1958)- = 86th year-</subfield></datafield><datafield ind1=" " ind2=" " tag="500"><subfield code="a">"Alameda" appears above masthead ornament, June 30, 1958-Oct. 31, 1987.</subfield></datafield><datafield ind1=" " ind2=" " tag="500"><subfield code="a">On Sundays published as: The Sunday review and Sunday Alameda times-star, Nov. 1, 1987-Feb. 26, 1989; The Sunday review Alameda times-star edition, Mar. 5, 1989-June 10, 1990; Alameda times-star edition of the Sunday review, June 17-24, 1990.</subfield></datafield><datafield ind1=" " ind2=" " tag="515"><subfield code="a">Numbering is irregular.</subfield></datafield><datafield ind1=" " ind2=" " tag="530"><subfield code="a">Master negatives are available for duplication from:</subfield><subfield code="b">California Newspaper Microfilm Archive;</subfield><subfield code="c">positive copies may be purchased by the reel; for further information consult the CNMA at:</subfield><subfield code="u">http://cbsr.ucr.edu</subfield></datafield><datafield ind1=" " ind2="0" tag="651"><subfield code="a">Alameda (Calif.)</subfield><subfield code="v">Newspapers.</subfield></datafield><datafield ind1=" " ind2="7" tag="655"><subfield code="a">Newspapers.</subfield><subfield code="2">fast</subfield><subfield code="0">(OCoLC)fst01423814</subfield></datafield><datafield ind1=" " ind2="7" tag="651"><subfield code="a">California</subfield><subfield code="z">Alameda.</subfield><subfield code="2">fast</subfield><subfield code="0">(OCoLC)fst01214323</subfield></datafield><datafield ind1=" " ind2=" " tag="752"><subfield code="a">United States</subfield><subfield code="b">California</subfield><subfield code="c">Alameda</subfield><subfield code="d">Alameda.</subfield></datafield><datafield ind1="0" ind2="8" tag="776"><subfield code="i">Online version:</subfield><subfield code="t">Alameda times star (Alameda, Calif. : 1958 : Online)</subfield><subfield code="w">(DLC)sn 93053386</subfield><subfield code="w">(OCoLC)232118863</subfield></datafield><datafield ind1="0" ind2="0" tag="780"><subfield code="t">Times-star (Alameda, Calif.)</subfield><subfield code="w">(DLC)sn 93053385</subfield><subfield code="w">(OCoLC)28700308</subfield></datafield><datafield ind1="4" ind2="1" tag="856"><subfield code="u">http://www.lexisnexis.com/us/lnacademic/api/version1/sf?shr=t&amp;sfi=AC00NBGenSrch&amp;csi=264841</subfield></datafield></record>